<?xml version="1.0" encoding="utf-8"?>
<record xmlns="http://www.loc.gov/MARC21/slim" xmlns:xsi="http://www.w3.org/2001/XMLSchema-instance" xsi:schemaLocation="http://www.loc.gov/MARC21/slim http://www.loc.gov/standards/marcxml/schema/MARC21slim.xsd">
	<leader>     nam a22     Mi 4500</leader>
	<controlfield tag="001">b12478854</controlfield>
	<controlfield tag="003">LeBAU</controlfield>
	<controlfield tag="006">m        d        </controlfield>
	<controlfield tag="007">cr cn |||m|||a</controlfield>
	<controlfield tag="008">180604s1952    le      ob    ||0 0 ara d</controlfield>
	<datafield ind1=" " ind2=" " tag="040">
		<subfield code="a">ZYU</subfield>
		<subfield code="b">ara</subfield>
		<subfield code="e">rda</subfield>
		<subfield code="c">ZYU</subfield>
	</datafield>
	<datafield ind1="0" ind2="4" tag="082">
		<subfield code="a">492.7</subfield>
		<subfield code="2">22</subfield>
	</datafield>
	<datafield ind1="1" ind2=" " tag="100">
		<subfield code="6">880-01</subfield>
		<subfield code="a">Furayḥah, Anīs,</subfield>
		<subfield code="d">1903-</subfield>
		<subfield code="e">author.</subfield>
	</datafield>
	<datafield ind1="1" ind2="0" tag="245">
		<subfield code="6">880-02</subfield>
		<subfield code="a">Ḥurūf al-hijāʼ al-ʻArabīyah :</subfield>
		<subfield code="b">nashʼatuhā, taṭawwuruhā, mashākiluhā /</subfield>
		<subfield code="c">Anīs Furayḥah.</subfield>
	</datafield>
	<datafield ind1=" " ind2="1" tag="264">
		<subfield code="6">880-03</subfield>
		<subfield code="a">[Bayrūt] :</subfield>
		<subfield code="b">al-Jāmi‘ah al-Amīrikīyah fī Bayrūt, Majallat al-Abḥāth,</subfield>
		<subfield code="c">1952.</subfield>
	</datafield>
	<datafield ind1=" " ind2=" " tag="300">
		<subfield code="6">880-04</subfield>
		<subfield code="a">online resource (32 pages)</subfield>
	</datafield>
	<datafield ind1=" " ind2=" " tag="336">
		<subfield code="a">text</subfield>
		<subfield code="2">rdacontent</subfield>
	</datafield>
	<datafield ind1=" " ind2=" " tag="337">
		<subfield code="a">computer</subfield>
		<subfield code="2">rdamedia</subfield>
	</datafield>
	<datafield ind1=" " ind2=" " tag="338">
		<subfield code="a">online resource</subfield>
		<subfield code="2">rdacarrier</subfield>
	</datafield>
	<datafield ind1=" " ind2=" " tag="500">
		<subfield code="a">&quot;عن مجلة الأبحاث السنة الخامسة، الجزء الأول، ص. 1-32.&quot;</subfield>
	</datafield>
	<datafield ind1=" " ind2=" " tag="500">
		<subfield code="a">Part of the Arabic Collections Online (ACO) project, contributed by American University of Beirut's Jafet Memorial Library.</subfield>
	</datafield>
	<datafield ind1=" " ind2=" " tag="504">
		<subfield code="a">يتضمن مراجع ببليوغرافية.</subfield>
	</datafield>
	<datafield ind1=" " ind2=" " tag="533">
		<subfield code="a">Electronic reproduction.</subfield>
		<subfield code="b">New York, N.Y. :</subfield>
		<subfield code="c">New York University,</subfield>
		<subfield code="d">2018.</subfield>
		<subfield code="5">NNU</subfield>
	</datafield>
	<datafield ind1=" " ind2="4" tag="650">
		<subfield code="a">الأبجدية العربية</subfield>
		<subfield code="x">تاريخ.</subfield>
	</datafield>
	<datafield ind1=" " ind2="0" tag="650">
		<subfield code="a">Arabic alphabet</subfield>
		<subfield code="x">History.</subfield>
	</datafield>
	<datafield ind1="2" ind2=" " tag="710">
		<subfield code="a">Jafet Memorial Library.</subfield>
	</datafield>
	<datafield ind1="0" ind2=" " tag="730">
		<subfield code="a">Arabic Collections Online.</subfield>
	</datafield>
	<datafield ind1="0" ind2="8" tag="776">
		<subfield code="i">Print version:</subfield>
		<subfield code="a">Furayḥah, Anīs, 1903- author.</subfield>
		<subfield code="t">Ḥurūf al-hijāʼ al-ʻArabīyah</subfield>
		<subfield code="w">(LeBAU)b12478854</subfield>
	</datafield>
	<datafield ind1="0" ind2=" " tag="777">
		<subfield code="6">880-05</subfield>
		<subfield code="i">has whole-part manifestation relationship with</subfield>
		<subfield code="4">http://rdaregistry.info/Elements/m/P30213:</subfield>
		<subfield code="t">Abḥāth.</subfield>
		<subfield code="d">Bayrūt : al-Jāmiʻah al-Amīrikīyah fī Bayrūt, 1948-</subfield>
		<subfield code="w">b12874000</subfield>
	</datafield>
	<datafield ind1="4" ind2="0" tag="856">
		<subfield code="u">http://hdl.handle.net/2333.1/kh18999d</subfield>
	</datafield>
	<datafield ind1="1" ind2=" " tag="880">
		<subfield code="6">100-01</subfield>
		<subfield code="a">فريحة، انيس،</subfield>
		<subfield code="d">1903-</subfield>
		<subfield code="e">مؤلف. </subfield>
		<subfield code="4">aut.</subfield>
	</datafield>
	<datafield ind1="1" ind2="0" tag="880">
		<subfield code="6">245-02</subfield>
		<subfield code="a">حروف الهجاء العربية :</subfield>
		<subfield code="b">نشأتها، تطورها، مشاكلها /</subfield>
		<subfield code="c">أنيس فريحة.</subfield>
	</datafield>
	<datafield ind1=" " ind2="1" tag="880">
		<subfield code="6">264-03</subfield>
		<subfield code="a">[بيروت] :</subfield>
		<subfield code="b">الجامعة الأميركية في بيروت، مجلة الأبحاث،</subfield>
		<subfield code="c">1952.</subfield>
	</datafield>
	<datafield ind1=" " ind2=" " tag="880">
		<subfield code="6">300-04</subfield>
		<subfield code="a">32 صفحة ؛</subfield>
		<subfield code="c">24 سم</subfield>
	</datafield>
	<datafield ind1="0" ind2=" " tag="880">
		<subfield code="6">777-05</subfield>
		<subfield code="i">علاقة جزء كل مع تجسيدة</subfield>
		<subfield code="4">http://rdaregistry.info/Elements/m/P30213:</subfield>
		<subfield code="t">الأبحاث.</subfield>
		<subfield code="d">بيروت : الجامعة الأميركية، 1948-</subfield>
		<subfield code="w">b12874000</subfield>
	</datafield>
	<datafield ind1=" " ind2=" " tag="959">
		<subfield code="a">NNU</subfield>
		<subfield code="b">WEB</subfield>
		<subfield code="c">GENI</subfield>
		<subfield code="t">0</subfield>
		<subfield code="m">Electronic access</subfield>
		<subfield code="s">01</subfield>
	</datafield>
	<datafield ind1=" " ind2=" " tag="999">
		<subfield code="i">LeBAU_b12478854</subfield>
		<subfield code="s">aub_aco001954</subfield>
		<subfield code="e">(ERROR-MISC)</subfield>
	</datafield>
</record>
